% Encoding: UTF-8

@Unpublished{Gerit-private,
  author    = {Jan Gerit Brandenburg},
  note      = {(private communication, 2017)},
  owner     = {jhermann},
  timestamp = {2017.06.17},
}

@Article{DataH5,
  author    = {Jan Hermann},
  note      = {(data in HDF5 format)},
  doi       = {10.6084/m9.figshare.5117167},
  owner     = {jhermann},
  timestamp = {2017.06.18},
}

@Article{DataCaf,
  author    = {Jan Hermann},
  note      = {(archived input and output files)},
  doi       = {10.6084/m9.figshare.5117191},
  owner     = {jhermann},
  timestamp = {2017.06.18},
}

@Article{GitRepo,
  author    = {Jan Hermann and Alexandre Tkatchenko},
  note      = {(git repository)},
  doi       = {10.6084/m9.figshare.5117254},
  owner     = {jhermann},
  timestamp = {2017.06.18},
  url       = {https://github.com/azag0/dft-vdw-range},
}

@Comment{jabref-meta: databaseType:bibtex;}
